<?xml version="1.0" encoding="UTF-8"?><collection xmlns="http://www.loc.gov/MARC21/slim"><record><leader>00347nam--2200109-i-4500</leader><controlfield tag="001">000018394</controlfield><controlfield tag="002">20161230</controlfield><controlfield tag="005">20161230201032</controlfield><controlfield tag="008">060222s1000------------r-----000-0-eng-d</controlfield><datafield ind1=" " ind2=" " tag="245"><subfield code="a">Conference3 on small and medium power reactors , vienna, 5-9 september 1960.abstracts of papers</subfield></datafield><datafield ind1=" " ind2=" " tag="260"><subfield code="a">Vienna, International Atomic Energy Agency, 1960</subfield></datafield><datafield ind1=" " ind2=" " tag="852"><subfield code="a">7160</subfield></datafield></record></collection>